@article{kolm201460,
  title={60 Years of portfolio optimization: Practical challenges and current trends},
  author={Kolm, Petter N and T{\"u}t{\"u}nc{\"u}, Reha and Fabozzi, Frank J},
  journal={European Journal of Operational Research},
  volume={234},
  number={2},
  pages={356--371},
  year={2014},
  publisher={Elsevier}
}

@inproceedings{van2021parden,
  title={ParDen: Surrogate Assisted Hyper-Parameter Optimisation for Portfolio Selection},
  author={van Zyl, TL and Woolway, Matthew and Paskaramoorthy, Andrew},
  booktitle={2021 8th International Conference on Soft Computing \& Machine Intelligence (ISCMI)},
  pages={101--107},
  year={2021},
  organization={IEEE}
}

@article{faizan2019multiobjective,
  title={Multiobjective portfolio optimization including sentiment analysis},
  author={Faizan, Muhammad Azfar},
  year={2019}
}

@article{du2020new,
  title={A new data-driven distributionally robust portfolio optimization method based on wasserstein ambiguity set},
  author={Du, Ningning and Liu, Yankui and Liu, Ying},
  journal={IEEE Access},
  volume={9},
  pages={3174--3194},
  year={2020},
  publisher={IEEE}
}

@book{pai2017metaheuristics,
  title={Metaheuristics for portfolio optimization: an introduction using MATLAB},
  author={Pai, GA Vijayalakshmi},
  year={2017},
  publisher={John Wiley \& Sons}
}

@article{ertenlice2018survey,
  title={A survey of swarm intelligence for portfolio optimization: Algorithms and applications},
  author={Ertenlice, Okkes and Kalayci, Can B},
  journal={Swarm and evolutionary computation},
  volume={39},
  pages={36--52},
  year={2018},
  publisher={Elsevier}
}

@article{kaucic2019portfolio,
  title={Portfolio optimization by improved NSGA-II and SPEA 2 based on different risk measures},
  author={Kaucic, Massimiliano and Moradi, Mojtaba and Mirzazadeh, Mohmmad},
  journal={Financial Innovation},
  volume={5},
  number={1},
  pages={1--28},
  year={2019},
  publisher={Springer}
}